<collection xmlns="http://www.loc.gov/MARC21/slim">
<record>
  <leader>00599nam0a22001811i 450 </leader>
  <controlfield tag="001">IT\ICCU\CNCE\058807</controlfield>
  <controlfield tag="005">20060503000000.0</controlfield>
  <datafield tag="100" ind1=" " ind2=" ">
    <subfield code="a">20040719d1571        0itac0103    ba</subfield>
  </datafield>
  <datafield tag="101" ind1=" " ind2=" ">
    <subfield code="a">ITA</subfield>
  </datafield>
  <datafield tag="102" ind1=" " ind2=" ">
    <subfield code="a">IT</subfield>
  </datafield>
  <datafield tag="200" ind1="1" ind2=" ">
    <subfield code="a">Trattati della purgatione dell&apos;anima christiana</subfield>
  </datafield>
  <datafield tag="210" ind1=" " ind2=" ">
    <subfield code="a">Torino</subfield>
    <subfield code="d">1571</subfield>
  </datafield>
  <datafield tag="620" ind1=" " ind2=" ">
    <subfield code="a">IT</subfield>
    <subfield code="d">Torino</subfield>
  </datafield>
  <datafield tag="700" ind1=" " ind2="1">
    <subfield code="a">Massino,</subfield>
    <subfield code="b">Costantino</subfield>
    <subfield code="3">IT\ICCU\CNCA\009202</subfield>
  </datafield>
  <datafield tag="712" ind1="0" ind2="2">
    <subfield code="a">s.n.</subfield>
    <subfield code="3">IT\ICCU\CNCT\000002</subfield>
    <subfield code="4">650</subfield>
  </datafield>
  <datafield tag="790" ind1=" " ind2="1">
    <subfield code="a">Masino,</subfield>
    <subfield code="b">Costantino</subfield>
    <subfield code="3">IT\ICCU\CNCA\013504</subfield>
    <subfield code="z">Massino, Costantino</subfield>
  </datafield>
  <datafield tag="790" ind1=" " ind2="1">
    <subfield code="a">Massinus,</subfield>
    <subfield code="b">Constantinus</subfield>
    <subfield code="3">IT\ICCU\CNCA\020815</subfield>
    <subfield code="z">Massino, Costantino</subfield>
  </datafield>
  <datafield tag="801" ind1=" " ind2="3">
    <subfield code="a">IT</subfield>
    <subfield code="b">ICCU</subfield>
    <subfield code="c">20201115</subfield>
  </datafield>
</record>
</collection>
